 @misc{ wiki:CTR,
   author = "Wikipedia",
   title = "Click-through rate",
   year = "2016",
   url = "\url{https://en.wikipedia.org/wiki/Click-through_rate}",
   note = "[Online; accessed 2016]"
 }
 
  @misc{libffm,
   author = "National Taiwan University",
   title = "LIBFFM: A Library for Field-aware Factorization Machines",
   year = "2016",
   url = "\url{ https://www.csie.ntu.edu.tw/~cjlin/libffm/}",
   note = "[Online; accessed 2016]"
 }
 
 
 

 
 
 @book{han2011data,
  title={Data mining: concepts and techniques},
  author={Han, Jiawei and Pei, Jian and Kamber, Micheline},
  year={2011},
  publisher={Elsevier}
}

 @misc{wiki:regression,
   author = "Wikipedia",
   title = "Regression analysis",
   year = "2016",
   url = "\url{https://en.wikipedia.org/wiki/Regression_analysis}",
   note = "[Online; accessed 2016]"
 }
 
  @misc{wiki:scikit,
   author = "Wikipedia",
   title = "scikit-learn",
   year = "2016",
   url = "\url{https://en.wikipedia.org/wiki/Scikit-learn}",
   note = "[Online; accessed 2016]"
 }



@inproceedings{pang2006introduction,
  title={Introduction to data mining},
  author={Pang-Ning, Tan and Steinbach, Michael and Kumar, Vipin and others},
  booktitle={Library of congress},
  volume={74},
  year={2006}
}

 @misc{kaggle:outbrain,
   author = "Kaggle",
   title = "Outbrain Click Prediction",
   year = "2016",
   url = "\url{https://www.kaggle.com/c/outbrain-click-prediction}",
   note = "[Online; accessed 2016]"
 }
 

 @misc{kaggle:house,
   author = "Kaggle",
   title = "House Prices:House Prices: Advanced Regression Techniques",
   year = "2016",
   url = "\url{https://www.kaggle.com/c/house-prices-advanced-regression-techniques}",
   note = "[Online; accessed 2016]"
 }
 
 @inproceedings{juan2016field,
  title={Field-aware factorization machines for CTR prediction},
  author={Juan, Yuchin and Zhuang, Yong and Chin, Wei-Sheng and Lin, Chih-Jen},
  booktitle={Proceedings of the 10th ACM Conference on Recommender Systems},
  pages={43--50},
  year={2016},
  organization={ACM}
}

@inproceedings{rendle2010factorization,
  title={Factorization machines},
  author={Rendle, Steffen},
  booktitle={2010 IEEE International Conference on Data Mining},
  pages={995--1000},
  year={2010},
  organization={IEEE}
}



@article{tibshirani1996regression,
  title={Regression shrinkage and selection via the lasso},
  author={Tibshirani, Robert},
  journal={Journal of the Royal Statistical Society. Series B (Methodological)},
  pages={267--288},
  year={1996},
  publisher={JSTOR}
}
 